<?xml version="1.0" encoding="UTF-8"?><collection xmlns="http://www.loc.gov/MARC21/slim"><record><leader>00508nam--2200169-i-4500</leader><controlfield tag="001">000011015</controlfield><controlfield tag="002">20161230</controlfield><controlfield tag="005">20170115163436</controlfield><controlfield tag="008">060222s1000------------r-----000-0-eng-d</controlfield><datafield ind1=" " ind2=" " tag="080"><subfield code="a">539.171:539.124(047.L)</subfield></datafield><datafield ind1=" " ind2=" " tag="100"><subfield code="a">Abgrall, Y</subfield></datafield><datafield ind1=" " ind2=" " tag="245"><subfield code="a">Electron scattering and alpha-cluster description of l2c and 2one</subfield></datafield><datafield ind1=" " ind2=" " tag="260"><subfield code="a">Bordeaux</subfield><subfield code="b">Labor.De Physique Theorique, L Universite De Bordeaux I</subfield><subfield code="c">1973</subfield></datafield><datafield ind1=" " ind2=" " tag="300"><subfield code="a">10 p.+17 Fig</subfield></datafield><datafield ind1=" " ind2=" " tag="700"><subfield code="a">Labarsouque, Jean</subfield></datafield><datafield ind1=" " ind2=" " tag="852"><subfield code="a">40640</subfield></datafield><datafield ind1=" " ind2=" " tag="CAT"><subfield code="a">SYS</subfield><subfield code="c">20170115</subfield><subfield code="h">163436</subfield></datafield></record></collection>